
@article{jorgeiros2023,
  title = {Learning Depth Vision-Based Personalized Robot Navigation From Dynamic Demonstrations in Virtual Reality},
  journal = {IROS},
  author = {de Heuvel, Jorge, et al},
  year = {2023}
}

%@article{jorgeroman2022,
%	title = {Learning Personalized Human-Aware Robot Navigation Using Virtual Reality Demonstrations from a User Study},
%	journal = {RO-MAN},
%	author = {de Heuvel, Jorge, et al},
%	year = {2022}
%}


@article{jorgeiros2023,
	title = {Learning Depth Vision-Based Personalized Robot Navigation From Dynamic Demonstrations in Virtual Reality},
	journal = {IROS},
	author = {de Heuvel, J., Corral, N., Kreis, B., Conradi, J., Driemel, A., & Bennewitz, M.},
	year = {2023}
}

%@article{jorgeroman2022,
%	title = {Learning Personalized Human-Aware Robot Navigation Using Virtual Reality Demonstrations from a User Study},
%	journal = {RO-MAN},
%	author = {de Heuvel, J., Corral, N., Bruckschen, L., & Bennewitz, M.},
%	year = {2022}
%}
